
@article{ WOS:000418422900010,
Author = {Martinez-Arellano, Giovanna and Cant, Richard and Woods, David},
Title = {Creating AI Characters for Fighting Games Using Genetic Programming},
Journal = {IEEE TRANSACTIONS ON COMPUTATIONAL INTELLIGENCE AND AI IN GAMES},
Year = {2017},
Volume = {9},
Number = {4},
Pages = {423-434},
Month = {DEC},
DOI = {10.1109/TCIAIG.2016.2642158},
ISSN = {1943-068X},
EISSN = {1943-0698},
Unique-ID = {WOS:000418422900010},
}
